@misc{commerce2024ecommerce,
  author       = {Sellers Commerce},
  title        = {43 ECommerce statistics in 2024 (global and U.S. data)},
  year         = {2024},
  month        = {May 14},
  publisher    = {SellersCommerce},
  url          = {https://www.sellerscommerce.com/blog/ecommerce-statistics/},
  note         = {Accessed: 2024-12-04} 
}

@misc{taheer2024online,
  author       = {Taheer, Farrah},
  title        = {Online shopping statistics: How many people shop online in 2024?},
  year         = {2024},
  month        = {September 8},
  publisher    = {OptinMonster},
  url          = {https://optinmonster.com/online-shopping-statistics/},
  note         = {Accessed: 2024-12-04} 
}

@misc{sakar2018uci,
  author       = {Sakar, C. O. and Polat, S. O. and Katircioglu, M. and others},
  title        = {UCI Machine Learning Repository: Online Shoppers Purchasing Intention Dataset},
  year         = {2018},
  publisher    = {Neural Comput \& Applic},
  url          = {https://archive.ics.uci.edu/ml/datasets/Online+Shoppers+Purchasing+Intention+Dataset},
  note         = {Accessed: 2024-12-04} 
}

@book{Python,
  author = {Van Rossum, Guido and Drake, Fred L.},
  title = {Python 3 Reference Manual},
  year = {2009},
  isbn = {1441412697},
  publisher = {CreateSpace},
  address = {Scotts Valley, CA}
}

@article{numpy,
  author = {Harris, Charles R and Millman, K Jarrod and van der Walt, St{\'{e}}fan J and Gommers, Ralf and Virtanen, Pauli and Cournapeau, David and Wieser, Eric and Taylor, Julian and Berg, Sebastian and Smith, Nathaniel J and Kern, Robert and Picus, Matti and Hoyer, Stephan and van Kerkwijk, Marten H and Brett, Matthew and Haldane, Allan and del R{\'{i}}o, Jaime Fern{\'{a}}ndez and Wiebe, Mark and Peterson, Pearu and G{\'{e}}rard-Marchant, Pierre and Sheppard, Kevin and Reddy, Tyler and Weckesser, Warren and Abbasi, Hameer and Gohlke, Christoph and Oliphant, Travis E},
  doi = {10.1038/s41586-020-2649-2},
  issn = {1476-4687},
  journal = {Nature},
  number = {7825},
  pages = {357--362},
  title = {{Array programming with NumPy}},
  url = {https://doi.org/10.1038/s41586-020-2649-2},
  volume = {585},
  year = {2020}
}

@InProceedings{pandas,
  author    = {Wes McKinney},
  title     = {Data Structures for Statistical Computing in Python},
  booktitle = {Proceedings of the 9th Python in Science Conference},
  pages     = { =51 - 56},
  year      = {2010},
  editor    = {St\'efan van der Walt and Jarrod Millman}
}

@article{altair,
    title = {Altair: Interactive statistical visualizations for python},
    author = {Jake VanderPlas},
    doi = {10.21105/joss.01057},
    issn = {2475-9066},
    journal = {Journal of open source software},
    number = {7825},
    pages = {1057},
    url = {https://doi.org/10.21105/joss.01057},
    volume = {3},
    issue = {32},
    year = {2018}
}

@article{scikit-learn,
  title={{Scikit-learn: Machine Learning in Python}},
  author={
    Pedregosa, F. and
    Varoquaux, G. and
    Gramfort, A. and
    Michel, V. and
    Thirion, B. and
    Grisel, O. and
    Blondel, M. and
    Prettenhofer, P. and
    Weiss, R. and
    Dubourg, V. and
    Vanderplas, J. and
    Passos, A. and
    Cournapeau, D. and
    Brucher, M. and
    Perrot, M. and
    Duchesnay, E.
  },
  journal={Journal of Machine Learning Research},
  volume={12},
  pages={2825--2830},
  year={2011}
}

@misc{truong2024ucimlrepo,
  author       = {Truong, P. and others},
  title        = {ucimlrepo package},
  year         = {2024},
  publisher    = {GitHub},
  url          = {https://github.com/uci-ml-repo/ucimlrepo/tree/main},
  note         = {Accessed: 2024-12-04}
}









@Manual{click,
	title           = {Click},
	author          = {Pallets Team},
	year            = {2020},
	url             = {https://click.palletsprojects.com/},
}

@software{Allaire_Quarto_2022,
    author          = {Allaire, J.J. and Teague, Charles and Scheidegger, Carlos and Xie, Yihui and Dervieux, Christophe},
    doi             = {10.5281/zenodo.5960048},
    month           = jan,
    title           = {{Quarto}},
    url             = {https://github.com/quarto-dev/quarto-cli},
    version         = {1.2},
    year            = {2022}
}

@misc{horses1,
	author		 = {{Government of Canada}},
	howpublished = {Open Government - Open Data},
	title        = {Horses, number on farms at June 1 and at December 1},
	date         = {2017-04-18},
	url          = {https://www.sellerscommerce.com/blog/ecommerce-statistics/}
}

@misc{horses2,
	author		 = {{Government of Canada}},
	howpublished = {Open Government - Open Data},
	title        = {Horses, number on farms at June 1, farm value per head and total farm value },
	date         = {2017-04-18},
	url          = {https://open.canada.ca/data/en/dataset/e175ef9c-98f0-49b3-8131-ca0e3895a0cb}
}

@Manual{ttimbers-horses,
	title           = {Historical horse population in Canada},
	author          = {Tiffany Timbers},
	year            = {2020},
	url             = {https://github.com/ttimbers/equine_numbers_value_canada_parameters},
}